@article{remotelearning,
  title     = {Online and remote learning in higher education institutes: A necessity in light of COVID-19 pandemic.},
  author    = {Ali, Wahab},
  journal   = {Higher education studies},
  volume    = {10},
  number    = {3},
  pages     = {16--25},
  year      = {2020},
  publisher = {ERIC}
}

@misc{webcanvas,
  title   = {Canvas API - web apis: MDN},
  url     = {https://developer.mozilla.org/en-US/docs/Web/API/Canvas_API},
  journal = {Web APIs | MDN}
}

@misc{webreacthandle,
  title   = {Handling Events},
  url     = {https://reactjs.org/docs/handling-events.html},
  journal = {React}
} 
@misc{webreactlife,
  title   = {React Component Lifecycle},
  url     = {https://reactjs.org/docs/react-component.html\#the-component-lifecycle},
  journal = {React}
} 

@misc{webcanvasvssvg,
  title   = {How to build a freehand drawing using react},
  url     = {https://pspdfkit.com/blog/2017/how-to-build-free-hand-drawing-using-react/},
  journal = {PSPDFKit},
  author  = {Spiess, Philipp}
} 
 
@misc{websvgpath,
  title   = {SVG path},
  url     = {https://www.w3schools.com/graphics/svg_path.asp},
  journal = {SVG Path}
} 

@inproceedings{zhao2021handwritten,
  title        = {Handwritten mathematical expression recognition with bidirectionally trained transformer},
  author       = {Zhao, Wenqi and Gao, Liangcai and Yan, Zuoyu and Peng, Shuai and Du, Lin and Zhang, Ziyin},
  booktitle    = {International Conference on Document Analysis and Recognition},
  pages        = {570--584},
  year         = {2021},
  organization = {Springer}
}

 @misc{mathpix-pricing,
  title   = {Mathpix products pricing},
  url     = {https://mathpix.com/pricing},
  journal = {Mathpix Pricing}
}

 @misc{react-sketch-canvas,
  title   = {Vinothpandian/react-sketch-canvas: Freehand vector drawing component for react using SVG as canvas},
  url     = {https://github.com/vinothpandian/react-sketch-canvas},
  journal = {GitHub},
  author  = {Vinothpandian}
} 

 @misc{web:fetchapi,
  title   = {Using the fetch API - web apis: MDN},
  url     = {https://developer.mozilla.org/en-US/docs/Web/API/Fetch_API/Using_Fetch},
  journal = {Web APIs | MDN}
} 

 @misc{web:mathpixdoc,
  title   = {Mathpix Developer Document},
  url     = {https://docs.mathpix.com/},
  journal = {Mathpix API v3 Reference},
  author  = {Mathpix}
} 

 @misc{web:katexapi,
  title   = {API Â· KATEX},
  url     = {https://katex.org/docs/api.html},
  journal = {KaTeX}
} 
@article{rawat2020reactjs,
  title   = {ReactJS: A Modern Web Development Framework},
  author  = {Rawat, Prateek and Mahajan, A},
  journal = {International Journal of Innovative Science and Research Technology},
  volume  = {5},
  number  = {11},
  pages   = {16},
  year    = {2020}
}

@book{reacthooksbook,
  title     = {Learn React Hooks: Build and refactor modern React. js applications using Hooks},
  author    = {Bugl, Daniel},
  year      = {2019},
  publisher = {Packt Publishing Ltd}
}

 @misc{web:gradientfunction,
  title   = {Linear-gradient() - CSS: Cascading style sheets: MDN},
  url     = {https://developer.mozilla.org/en-US/docs/Web/CSS/gradient/linear-gradient},
  journal = {CSS: Cascading Style Sheets | MDN}
} 